<?xml version="1.0" encoding="UTF-8"?><record xmlns="http://www.loc.gov/MARC21/slim" xmlns:cinclude="http://apache.org/cocoon/include/1.0" xmlns:zs="http://www.loc.gov/zing/srw/">
  <leader>00379nz  a2200121n  4500</leader>
  <controlfield tag="001">n 2008081139</controlfield>
  <controlfield tag="003">DLC</controlfield>
  <controlfield tag="005">20081204082158.0</controlfield>
  <controlfield tag="008">081203n| acannaabn          |n aaa      </controlfield>
  <datafield tag="010" ind1=" " ind2=" ">
    <subfield code="a">n 2008081139</subfield>
  </datafield>
  <datafield tag="040" ind1=" " ind2=" ">
    <subfield code="a">DLC</subfield>
    <subfield code="b">eng</subfield>
    <subfield code="c">DLC</subfield>
  </datafield>
  <datafield tag="100" ind1="1" ind2=" ">
    <subfield code="a">Corbett, Sidney,</subfield>
    <subfield code="d">1960-</subfield>
    <subfield code="t">Exits</subfield>
  </datafield>
  <datafield tag="670" ind1=" " ind2=" ">
    <subfield code="a">Corbett, Sidney. Que hora es in paradiso, p2006:</subfield>
    <subfield code="b">container (Exits for electric guitar and ensemble (2005))</subfield>
  </datafield>
</record>